<record><leader>00000cas a2200000 a 4500</leader><controlfield tag="001">11686284</controlfield><controlfield tag="008">850212d18941898ksuwr ne      0   a0eng d</controlfield><datafield ind1=" " ind2=" " tag="010"><subfield code="a">sn 85029055 </subfield></datafield><datafield ind1=" " ind2=" " tag="040"><subfield code="a">KSH</subfield><subfield code="b">eng</subfield><subfield code="c">KSH</subfield><subfield code="d">NPT</subfield><subfield code="d">OCL</subfield><subfield code="d">OCLCQ</subfield></datafield><datafield ind1=" " ind2=" " tag="042"><subfield code="a">msc</subfield></datafield><datafield ind1="0" ind2=" " tag="130"><subfield code="a">Sun (Whiting, Kan.)</subfield></datafield><datafield ind1="1" ind2="4" tag="245"><subfield code="a">The sun.</subfield></datafield><datafield ind1="1" ind2="3" tag="246"><subfield code="a">Whiting sun</subfield><subfield code="f">&lt;Jan. 21-28, 1898&gt;</subfield></datafield><datafield ind1=" " ind2=" " tag="260"><subfield code="a">Whiting, Kan. :</subfield><subfield code="b">E.E. Sanders,</subfield><subfield code="c">1894-</subfield></datafield><datafield ind1=" " ind2=" " tag="300"><subfield code="a">v. :</subfield><subfield code="b">ill. ;</subfield><subfield code="c">54-60 cm.</subfield></datafield><datafield ind1=" " ind2=" " tag="310"><subfield code="a">Weekly</subfield></datafield><datafield ind1="0" ind2=" " tag="362"><subfield code="a">Vol. 1, no. 1 (Aug. 17, 1894)-v. 2, no. 20 (Dec. 20, 1895) ; v. 5, no. 21 (Dec. 27, 1895)-</subfield></datafield><datafield ind1="1" ind2=" " tag="362"><subfield code="a">Ceased with Jan. 28, 1898 issue?</subfield></datafield><datafield ind1=" " ind2=" " tag="500"><subfield code="a">Published by: J.G. Sanders, Sept. 17-&lt;Dec. 31&gt;, 1897; Holton Printing and Pub. Co. &lt;Jan. 21-28, 1898&gt;.</subfield></datafield><datafield ind1=" " ind2=" " tag="515"><subfield code="a">Numbering is irregular.</subfield></datafield><datafield ind1=" " ind2=" " tag="752"><subfield code="a">United States</subfield><subfield code="b">Kansas</subfield><subfield code="c">Jackson</subfield><subfield code="d">Whiting.</subfield></datafield><datafield ind1="0" ind2="5" tag="780"><subfield code="t">Wasp (Netawaka, Kan.)</subfield><subfield code="g">Oct. 18, 1895</subfield><subfield code="w">(DLC)sn 85029026</subfield></datafield></record>